@incollection{PAUL2017177,
title = {Chapter 8 - Big Data collision analysis framework},
editor = {Anand Paul and Naveen Chilamkurti and Alfred Daniel and Seungmin Rho},
booktitle = {Intelligent Vehicular Networks and Communications},
publisher = {Elsevier},
pages = {177-184},
year = {2017},
isbn = {978-0-12-809266-8},
doi = {https://doi.org/10.1016/B978-0-12-809266-8.00008-9},
url = {https://www.sciencedirect.com/science/article/pii/B9780128092668000089},
author = {Anand Paul and Naveen Chilamkurti and Alfred Daniel and Seungmin Rho},
keywords = {data analytics, Big Data, privacy in vehicles, ITS, data acquisition}
}